@book {MR2265914,
    AUTHOR = {Quarteroni, Alfio and Sacco, Riccardo and Saleri, Fausto},
    TITLE = {Numerical mathematics},
    SERIES = {Texts in Applied Mathematics},
    VOLUME = {37},
    EDITION = {Second},
    PUBLISHER = {Springer-Verlag, Berlin},
    YEAR = {2007},
    MRCLASS = {65-01},
    MRNUMBER = {2265914},
    DOI = {10.1007/b98885},
}

@book{Legat,
    author = {Legat, Vincent},
    title = {Mathématiques et méthodes numériques},
    year = {2009},
    publisher={Lecture notes for the course EPL1104 at École polytechnique de Louvain},
    url={https://perso.uclouvain.be/vincent.legat/documents/epl1104/epl1104-notes-v8-2.pdf},
}

@book{Vuik,
    author = {Vuik, C and Lahaye, D. J. P.},
    title = {Scientific Computing},
    year = {2019},
    publisher={Lecture notes for the course wi4201 at Delft University of Technology},
    url={http://ta.twi.tudelft.nl/users/vuik/wi4201/wi4201_notes.pdf},
}

@book{VanDooren,
    author = {Van Dooren, Paul},
    title = {Analyse numérique},
    year = {2012},
    publisher={Lecture notes for the course INMA1170 at École polytechnique de Louvain},
}

@book{magnus,
    author = {Magnus, Alphonse},
    title = {Analyse numérique: approximation, interpolation, intégration},
    year = {2010},
    publisher={Lecture notes for the course INMA2171 at École polytechnique de Louvain},
    url={https://perso.uclouvain.be/alphonse.magnus/num1a/dir1a.htm},
}

@ARTICLE{ieee754,
    author={},
    journal={ANSI/IEEE Std 754-1985},
    title={{IEEE} {S}tandard for {B}inary {F}loating-{P}oint {A}rithmetic},
    year={1985},
    volume={},
    number={},
    pages={1-20},
    doi={10.1109/IEEESTD.1985.82928}
}

@ARTICLE{ieee2008,
    author={},
    journal={IEEE Std 754-2008},
    title={{IEEE} {S}tandard {f}or {F}loating-{P}oint {A}rithmetic},
    year={2008},
    volume={},
    number={},
    pages={1-70},
    doi={10.1109/IEEESTD.2008.4610935}}

@ARTICLE{ieee2019,
    author={},
    journal={IEEE Std 754-2019},
    title={{IEEE} {S}tandard for {F}loating-{P}oint {A}rithmetic},
    year={2019},
    volume={},
    number={},
    pages={1-84},
    doi={10.1109/IEEESTD.2019.8766229}}

@article{goldberg1991every,
    title={What every computer scientist should know about floating-point arithmetic},
    author={Goldberg, David},
    journal={ACM computing surveys (CSUR)},
    volume={23},
    number={1},
    pages={5--48},
    year={1991},
    publisher={ACM New York, NY, USA}
}

@inproceedings{cuthill1969reducing,
    title={Reducing the bandwidth of sparse symmetric matrices},
    author={Cuthill, E. and McKee, J.},
    booktitle={Proceedings of the 1969 24th national conference},
    pages={157--172},
    year={1969}
}

@misc{shewchuk1994introduction,
    title={An introduction to the conjugate gradient method without the agonizing pain},
    author={Shewchuk, Jonathan Richard and others},
    year={1994},
    publisher={Carnegie-Mellon University. Department of Computer Science Pittsburgh},
    url={https://www.cs.cmu.edu/~quake-papers/painless-conjugate-gradient.pdf}
}

@book {MR1990645,
    AUTHOR = {Saad, Yousef},
    TITLE = {Iterative methods for sparse linear systems},
    EDITION = {Second},
    PUBLISHER = {Society for Industrial and Applied Mathematics, Philadelphia,
                 PA},
    YEAR = {2003},
    ISBN = {0-89871-534-2},
    MRCLASS = {65-01 (65F10 65F50)},
    MRNUMBER = {1990645},
    MRREVIEWER = {Arnold Reusken},
    DOI = {10.1137/1.9780898718003},
    URL = {https://doi-org.extranet.enpc.fr/10.1137/1.9780898718003},
}

@article {MR1186462,
    AUTHOR = {Vianello, Marco and Zanovello, Renato},
    TITLE = {On the superlinear convergence of the secant method},
    JOURNAL = {Amer. Math. Monthly},
    FJOURNAL = {American Mathematical Monthly},
    VOLUME = {99},
    YEAR = {1992},
    NUMBER = {8},
    PAGES = {758--761},
    ISSN = {0002-9890},
    MRCLASS = {65H05},
    MRNUMBER = {1186462},
    DOI = {10.2307/2324244},
    URL = {https://doi-org.extranet.enpc.fr/10.2307/2324244},
}

@book {MR1744713,
    AUTHOR = {Ortega, J. M. and Rheinboldt, W. C.},
    TITLE = {Iterative solution of nonlinear equations in several variables},
    SERIES = {Classics in Applied Mathematics},
    VOLUME = {30},
    NOTE = {Reprint of the 1970 original},
    PUBLISHER = {Society for Industrial and Applied Mathematics (SIAM),
                 Philadelphia, PA},
    YEAR = {2000},
    ISBN = {0-89871-461-3},
    MRCLASS = {65-02 (65H10)},
    MRNUMBER = {1744713},
    DOI = {10.1137/1.9780898719468},
    URL = {https://doi-org.extranet.enpc.fr/10.1137/1.9780898719468},
}

@book {MR3396212,
    AUTHOR = {Saad, Yousef},
    TITLE = {Numerical methods for large eigenvalue problems},
    SERIES = {Classics in Applied Mathematics},
    VOLUME = {66},
    NOTE = {Revised edition of the 1992 original [ 1177405]},
    PUBLISHER = {Society for Industrial and Applied Mathematics (SIAM),
                 Philadelphia, PA},
    YEAR = {2011},
    ISBN = {978-1-611970-72-2},
    MRCLASS = {65F15 (01A75 65-02 65F50)},
    MRNUMBER = {3396212},
    DOI = {10.1137/1.9781611970739.ch1},
    URL = {https://doi-org.extranet.enpc.fr/10.1137/1.9781611970739.ch1},
}

@techreport{trefethen1992definition,
  title={The definition of numerical analysis},
  author={Trefethen, Lloyd N},
  year={1992},
  institution={Cornell University},
  url= {https://cims.nyu.edu/~oneil/courses/sp18-math252/trefethen-def-na.pdf}
}

@book {MR1422255,
    AUTHOR = {Verhulst, Ferdinand},
     TITLE = {Nonlinear differential equations and dynamical systems},
    SERIES = {Universitext},
   EDITION = {Second},
      NOTE = {Translated from the 1985 Dutch original},
 PUBLISHER = {Springer-Verlag, Berlin},
      YEAR = {1996},
      ISBN = {3-540-60934-2},
   MRCLASS = {34-01 (34C35 34E10 58Fxx)},
  MRNUMBER = {1422255},
       DOI = {10.1007/978-3-642-61453-8},
       URL = {https://doi-org.extranet.enpc.fr/10.1007/978-3-642-61453-8},
}

@book{cs,
    author = {Ernst, Alexandre and Stoltz, Gabriel},
    title = {Calcul Scientifique},
    year = {2014},
    publisher={Lecture notes  at École des Ponts},
    url={https://cermics.enpc.fr/cours/CS/poly.pdf},
}
